@misc{compounds,
author       = {NIST},
title     = {Atomic Weights and Isotopic Compositions for All Elements},
url       = {https://physics.nist.gov/cgi-bin/Compositions/stand_alone.pl},
urldate = {2023-11-2}, 
language     = {english}



}
@PhdThesis{NOVAK2016thesis,

	AUTHOR = "NOVÁK, Petr",

	TITLE = "Mössbauerův spektrometr s časovým rozlišením detekce fotonů záření gama - vývoj a aplikace [online]",

	YEAR = "2016 [cit. 2023-11-06]",

	TYPE = "Doctoral theses, Dissertations", 

	SCHOOL = "Palacký University Olomouc, Faculty of ScienceOlomouc",

}





@MastersThesis{STEJSKAL2019thesis,

	AUTHOR = "STEJSKAL, Aleš",

	TITLE = "Konstrukce duálního Mössbauerova spektrometru a adaptace pro dynamická měření [online]",

	YEAR = "2019 [cit. 2023-11-06]",

	TYPE = "Master's thesis", 

	SCHOOL = "Palacký University Olomouc, Faculty of ScienceOlomouc",

}

@BOOK{Leo1987-wy,
title = "Techniques for nuclear and particle physics experiments: A how to approach", 
author = "Leo, William R", 
publisher = "Springer-Verlag",
isbn = "9783540572800",
location = "Berlin",
year= 1987


}


@BOOK{Gilmore2008-jw,
title = "Practical gamma-ray spectroscopy",
author = "Gilmore, Gordon",
publisher = "Wiley-Blackwell",
location = "Chichester u.a.",
edition = 2,
month = apr,
year = 2008,
isbn = "9780470861967"
}

@BOOK{Lutz_2007,
title="Semiconductor radiation detectors: Device physics", 
publisher="Springer", 
author="Lutz, Gerhad",
location = "Berlin",
isbn = "9783540716785",
year=2007
}


@BOOK{ArtOfEl,
title="The Art of Electronics, 3rd Edition", 
publisher="Cambridge University Press", 
author="Hill, Paul Horowitz and Winfield",
location = "Cambridge",
isbn = "0521809266",
year=2015
}




@article{https://doi.org/10.1029/2003JE002138, author = {Klingelhöfer, G. and Morris, R. V. and Bernhardt, B. and Rodionov, D. and de Souza Jr., P. A. and Squyres, S. W. and Foh, J. and Kankeleit, E. and Bonnes, U. and Gellert, R. and Schröder, C. and Linkin, S. and Evlanov, E. and Zubkov, B. and Prilutski, O.}, title = {Athena MIMOS II Mössbauer spectrometer investigation}, journal = {Journal of Geophysical Research: Planets}, volume = {108}, number = {E12}, pages = {}, keywords = {Mössbauer spectroscopy, iron mineralogy, Mars, weathering, instrumentation, MIMOS II}, doi = {https://doi.org/10.1029/2003JE002138}, 
}



@online{SiPINdirect,
author       = {Hamamatsu},
title     = {Si detectors for high energy particles},
url       = {https://www.hamamatsu.com/content/dam/hamamatsu-photonics/sites/documents/99_SALES_LIBRARY/ssd/high_energy_kspd9002e.pdf},
urldate = {2023-12-26}, 
language     = {english}
}


@article{RAMIREZJIMENEZ2003577,
title = {PIN diode-preamplifier set for the measurement of low-energy gamma and X-rays},
journal = {Nuclear Instruments and Methods in Physics Research Section A: Accelerators, Spectrometers, Detectors and Associated Equipment},
volume = {497},
number = {2},
pages = {577-583},
year = {2003},
issn = {0168-9002},
doi = {https://doi.org/10.1016/S0168-9002(02)01806-5},
url = {https://www.sciencedirect.com/science/article/pii/S0168900202018065},
author = {F.J. Ramirez-Jimenez and R. Lopez-Callejas and A. Cerdeira-Altuzarra and J.S. Benitez-Read and M. Estrada-Cueto and J.O. Pacheco-Sotelo},
keywords = {X-ray spectrometers, Solid-state detectors, Low-noise preamplifiers},
abstract = {A detector–preamplifier set for X-ray spectroscopy applications in the energy range of 5–60keV, for use in research laboratories, industry and in school experiments is presented. The main contribution of this work is the demonstration of an easy-to-implement, low-cost detector–preamplifier set that can be built with an inexpensive PIN diode and a low-noise preamplifier of the charge-sensitive type. A junction field-effect transistors in the front end and extremely low feedback capacitance are used in the preamplifier. The set was built and characterized experimentally. High conversion gain and good linearity over the whole energy range were obtained; the set provides an acceptable equivalent noise charge, on the order of 120 electrons r.m.s. Spectra from different X-ray radioactive sources were obtained by using the PIN detector at room temperature together with the preamplifier that is described.}
}


@article{MARISCOTTI1967309,
title = {A method for automatic identification of peaks in the presence of background and its application to spectrum analysis},
journal = {Nuclear Instruments and Methods},
volume = {50},
number = {2},
pages = {309-320},
year = {1967},
issn = {0029-554X},
doi = {https://doi.org/10.1016/0029-554X(67)90058-4},
url = {https://www.sciencedirect.com/science/article/pii/0029554X67900584},
author = {M.A. Mariscotti},
abstract = {A computer method is described that permits automatic analysis of high resolution spectra, provided that the data are stored in a way suitable for computer input (i.e., on magnetic or paper tape). The program reads the entire spectrum, locates the peaks and determines their amplitudes, centroids and widths by least squares fitting. Doublets are handled automatically.}
}

@online{betaBPW,
title     = {CERN DIY Particle Detector},
url       = {https://physicsopenlab.org/2020/06/15/cern-diy-particle-detector/},
urldate = {2023-12-26}, 
language     = {english}
}

@online{datS14605,
author = {Hamamatsu},
title     = {S14605},
url       = {https://www.hamamatsu.com/content/dam/hamamatsu-photonics/sites/documents/99_SALES_LIBRARY/ssd/s14605_kpin1091e.pdf},
urldate = {2023-12-26}, 
language     = {english}
}

@online{datBPW34,
author = {Vishay Semiconductors},
title     = {BPW34, BPW34S},
url       = {https://www.vishay.com/docs/81521/bpw34.pdf},
urldate = {2023-12-26}, 
language     = {english}
}
@online{datOPF430,
author  = {TT Electronics},
title     = {OPF430},
url       = {https://cz.mouser.com/datasheet/2/414/OPF430-3241495.pdf},
urldate = {2023-12-26}, 
language     = {english}
}

@online{FrontEnd,
author  = {Helmuth Spieler},
institution  = {Lawrence Berkeley National Laboratory, Physics Division, Berkeley, CA 94720, U.S.A.},
title     = {Front-End Electronics and Signal Processing},
url       = {https://www-physics.lbl.gov/~spieler/ICFA_Morelia/text/Front_End_Electronics_old.pdf},
urldate = {2023-12-26}, 
language     = {english}
}
@online{Optimized,
author = {Kouril, Lukas and Pechousek, Jiri and Kohout, Pavel and Jiruš, Marek and Schlattauer, Leo},
year = {2021},
month = {09},
title = {Optimized conversion X-rays Mössbauer setup for efficient bulk sample surface analysis}
}

@online{cr110,
author  = {Cremat Inc},
title     = {CR-110-R2 charge sensitive preamplifier},
url       = {https://www.cremat.com/CR-110-R2.pdf},
urldate = {2023-12-26}, 
language     = {english}
}
@online{cr200,
author  = {Cremat Inc},
title     = {CR-200 Gaussian shaping amplifier},
url       = {https://www.cremat.com/CR-200-R2.1.pdf},
urldate = {2023-12-26}, 
language     = {english}
}


@online{appCSPnote,
author  = {Cremat Inc},
title     = {Advice in using Cremat CSP modules},
url       = {https://www.cremat.com/applications/csp-application-notes/},
urldate = {2023-12-26}, 
language     = {english}
}
@online{ORTECpreamp,
author  = {ORTEC},
title     = {Models 142A, 142B, and 142C Preamplifiers Operating and Service Manual},
url       = {https://www.ortec-online.com/-/media/ametekortec/manuals/1/142abc-mnl.pdf},
urldate = {2024-2-3}, 
language     = {english}
}
@online{MCAOrtec,
author  = {ORTEC},
title     = {EASY-MCA-8K EASY-MCA-2K Digital Gamma-Ray Spectrometer User’s Manual},
url       = {https://www.ortec-online.com/-/media/ametekortec/manuals/e/easy-mca-mnl.pdf},
urldate = {2024-2-3}, 
language     = {english}
}
@online{SiCdTe,
author  = {amptek},
title     = {Si-PIN vs CdTe Comparison},
url       = {https://www.amptek.com/internal-products/si-pin-vs-cdte-comparison},
urldate = {2024-2-3}, 
language     = {english}
}

@BOOK{moss,
title="Neobvyklá Mőssbauerova spektroskopie", 
publisher="Palacký University Olomouc", 
author="Vít Procházka",
location = "Olomouc",
isbn = "9788024440118",
language     = {czech},
year=2014
}

@BOOK{mossInstr,
title="Využití techniky virtuální instrumentace při vývoji měřicích systémů pro jadernou fyziku se zaměřením na realizaci Mössbauerova spektrometru", 
publisher="VUTIUM", 
author="Jiří Pechoušek",
location = "Brno",
isbn = "9788021450585",
language     = {czech},
year=2014
}
@online{co57,
author  = {Laboratoire National Henri Becquerel},
title     = {Co-57},
url       = {http://www.lnhb.fr/nuclides/Co-57_tables.pdf},
urldate = {2024-2-3}, 
language     = {english}
}

@online{maestro,
author  = {ORTEC},
title     = {MAESTRO Multichannel Analyzer Emulation Software},
url       = {https://www.ortec-online.com/products/software/maestro-mca},
urldate = {2024-2-3}, 
language     = {english}
}

@online{charge,
author  = {hamamatsu},
title     = {Characteristics and use of Charge amplifier},
url       = {https://www.hamamatsu.com/content/dam/hamamatsu-photonics/sites/documents/99_SALES_LIBRARY/ssd/charge_amp_kacc9001e.pdf},
urldate = {2024-2-3}, 
language     = {english}
}
@online{eagle,
author  = {Autodesk},
title     = {Autodesk Eagle},
url       = {https://www.autodesk.com/products/eagle/overview?term=1-YEAR&tab=subscription},
urldate = {2024-2-3}, 
language     = {english}
}

@online{star,
author  = {Texas Instruments},
title     = {Grounding in mixed-signal systems demystified, Part 1},
url       = {https://www.ti.com/lit/an/slyt499/slyt499.pdf},
urldate = {2024-4-22}, 
language     = {english}
}

@online{OPA847,
author  = {Texas Instruments},
title     = {OPA847},
url       = {https://www.ti.com/lit/ds/symlink/opa847.pdf},
urldate = {2024-4-22}, 
language     = {english}
}
@online{R6095,
author  = {hamamatsu},
title     = {Photomultiplier tubes R6094, R6095},
url       = {https://www.hamamatsu.com/content/dam/hamamatsu-photonics/sites/documents/99_SALES_LIBRARY/etd/R6094_R6095_TPMH1382E.pdf},
urldate = {2024-4-22}, 
language     = {english}
}
@online{C9028,
author  = {hamamatsu},
title     = {HIGH VOLTAGE POWER SUPPLY SOCKET ASSEMBLY (DP-TYPE) C9028-01},
url       = {https://www.digchip.com/datasheets/parts/datasheet/190/C9028-01-pdf.php},
urldate = {2024-4-22}, 
language     = {english}
}
@online{Geant4,
author  = {Geant4},
title     = {Geant4, a toolkit for the simulation of the passage of particles through matter},
url       = {https://geant4.web.cern.ch/},
urldate = {2024-4-22}, 
language     = {english}
}
@online{Shapflify,
author  = {ORTEC},
title     = {Introduction to Amplifiers},
url       = {https://www.ortec-online.com/-/media/ametekortec/other/amplifier-introduction.pdf},
urldate = {2024-4-22}, 
language     = {english}
}
